@techreport{schrank2012,
	author      = {David Schrank and Bill Eisele and Tim Lomax},
	title       = {Texas Transportation Institute 2012 Urban Mobility Report},
	institution = {Texas Transportation Institute, Texas A\&M University},
	address     = {College Station, TX},
	year        = {2012},
}

@misc{eea2023,
	title={Greenhouse Gases EU},
	author={{European Environment Agency}},
	howpublished={\url{https://www.eea.europa.eu/data-and-maps/data/data-viewers/greenhouse-gases-viewer}},
	note={Accessed: 27.11.2023}
}